<collection xmlns="http://www.loc.gov/MARC21/slim"><record><leader>00862nam  2200265   450</leader><controlfield tag="001">899</controlfield><controlfield tag="003">http://montalegre.opacnet.com/OPAC/default.aspx?ContentAreaControl=ShowRegHoldings.ascx&amp;RegNo=16662</controlfield><datafield tag="021" ind1=" " ind2=" "><subfield code="a">PT</subfield><subfield code="b">20179/88</subfield></datafield><datafield tag="095" ind1=" " ind2=" "><subfield code="a">PTBN00110401</subfield></datafield><datafield tag="100" ind1=" " ind2=" "><subfield code="a">20061913d1988    m  y0pora010305  ba</subfield></datafield><datafield tag="101" ind1="1" ind2=" "><subfield code="a">por</subfield><subfield code="c">eng</subfield></datafield><datafield tag="102" ind1=" " ind2=" "><subfield code="a">PT</subfield></datafield><datafield tag="200" ind1="1" ind2=" "><subfield code="a">&lt;As &gt;aventuras de Darwin</subfield><subfield code="f">Peter Ward</subfield><subfield code="g">il. Annabel Large</subfield></datafield><datafield tag="210" ind1=" " ind2=" "><subfield code="a">Lisboa</subfield><subfield code="c">Teorema</subfield><subfield code="d">imp. 1988</subfield></datafield><datafield tag="215" ind1=" " ind2=" "><subfield code="a">111 p.</subfield><subfield code="c">il.</subfield><subfield code="d">19 cm</subfield></datafield><datafield tag="225" ind1="2" ind2=" "><subfield code="a">Sésamo</subfield><subfield code="v">6</subfield></datafield><datafield tag="304" ind1=" " ind2=" "><subfield code="a">Tít. orig. : The adventures of Charles Darwin</subfield></datafield><datafield tag="675" ind1=" " ind2=" "><subfield code="a">087.5</subfield><subfield code="z">por</subfield></datafield><datafield tag="700" ind1=" " ind2="1"><subfield code="a">Ward</subfield><subfield code="b">Peter</subfield></datafield><datafield tag="702" ind1=" " ind2="1"><subfield code="a">Large</subfield><subfield code="b">Annabel</subfield><subfield code="4">440</subfield></datafield><datafield tag="702" ind1=" " ind2="1"><subfield code="a">Jordão</subfield><subfield code="b">Pedro</subfield><subfield code="4">730</subfield></datafield><datafield tag="801" ind1=" " ind2="0"><subfield code="a">PT</subfield><subfield code="b">Biblioteca Municipal de Montalegre</subfield><subfield code="g">RPC</subfield></datafield><datafield tag="856" ind1=" " ind2=" "><subfield code="u">locateMedia.asp?cod=20060628171243&amp;ext=jpg</subfield><subfield code="z">CAPA</subfield></datafield><datafield tag="909" ind1="&#9;" ind2=" "><subfield code="a">3</subfield></datafield><datafield tag="966" ind1=" " ind2=" "><subfield code="a">0001829</subfield><subfield code="l">BMM</subfield><subfield code="s">SJ 087.5 WAR ave 6</subfield></datafield><datafield tag="966" ind1=" " ind2=" "><subfield code="a">0003157</subfield><subfield code="l">BMM</subfield><subfield code="s">SJ 087.5 WAR ave 6</subfield></datafield><datafield tag="966" ind1=" " ind2=" "><subfield code="a">0001830</subfield><subfield code="l">BMM</subfield><subfield code="s">SJ 087.5 WAR ave 6</subfield></datafield></record></collection>